<record><leader>00000cas a2200000Ia 4500</leader><controlfield tag="001">37041083</controlfield><controlfield tag="008">970610d19882001vauwr ne      0    0eng d</controlfield><datafield ind1=" " ind2=" " tag="010"><subfield code="a">sn 97066008 </subfield></datafield><datafield ind1=" " ind2=" " tag="040"><subfield code="a">VIC</subfield><subfield code="b">eng</subfield><subfield code="c">VIC</subfield><subfield code="d">NVK</subfield><subfield code="d">OCLCQ</subfield><subfield code="d">OCLCF</subfield><subfield code="d">OCLCO</subfield></datafield><datafield ind1=" " ind2=" " tag="032"><subfield code="a">429010</subfield><subfield code="b">USPS</subfield></datafield><datafield ind1=" " ind2=" " tag="043"><subfield code="a">n-us-va</subfield></datafield><datafield ind1="0" ind2="4" tag="245"><subfield code="a">The Poquoson post.</subfield></datafield><datafield ind1=" " ind2=" " tag="260"><subfield code="a">Yorktown, Va. :</subfield><subfield code="b">Virginia Newspapers, Inc.,</subfield><subfield code="c">1988-2001.</subfield></datafield><datafield ind1=" " ind2=" " tag="300"><subfield code="a">v. :</subfield><subfield code="b">ill. ;</subfield><subfield code="c">58 cm.</subfield></datafield><datafield ind1=" " ind2=" " tag="310"><subfield code="a">Weekly (every Wed.)</subfield></datafield><datafield ind1="0" ind2=" " tag="362"><subfield code="a">Aug. 10 (1988)-Dec. 19, 2001.</subfield></datafield><datafield ind1=" " ind2=" " tag="525"><subfield code="a">Includes supplement called: By the bay.</subfield></datafield><datafield ind1=" " ind2=" " tag="530"><subfield code="a">Available on microfilm from UMI.</subfield></datafield><datafield ind1=" " ind2="0" tag="651"><subfield code="a">Yorktown (Va.)</subfield><subfield code="v">Newspapers.</subfield></datafield><datafield ind1=" " ind2="0" tag="651"><subfield code="a">Poquoson (Va.)</subfield><subfield code="v">Newspapers.</subfield></datafield><datafield ind1=" " ind2="7" tag="655"><subfield code="a">Newspapers.</subfield><subfield code="2">fast</subfield><subfield code="0">(OCoLC)fst01423814</subfield></datafield><datafield ind1=" " ind2="7" tag="651"><subfield code="a">Virginia</subfield><subfield code="z">Poquoson.</subfield><subfield code="2">fast</subfield><subfield code="0">(OCoLC)fst01213559</subfield></datafield><datafield ind1=" " ind2="7" tag="651"><subfield code="a">Virginia</subfield><subfield code="z">Yorktown.</subfield><subfield code="2">fast</subfield><subfield code="0">(OCoLC)fst01205034</subfield></datafield><datafield ind1=" " ind2=" " tag="752"><subfield code="a">United States</subfield><subfield code="b">Virginia</subfield><subfield code="c">York</subfield><subfield code="d">Yorktown.</subfield></datafield><datafield ind1="0" ind2="7" tag="785"><subfield code="t">Yorktown crier</subfield><subfield code="w">(DLC)sn 83004280</subfield></datafield><datafield ind1="0" ind2="7" tag="785"><subfield code="t">Yorktown crier; Poquoson post</subfield><subfield code="w">(DLC)sn2007060699</subfield></datafield></record>